@article{EconomicJournal,
author = {Mehmet  Eryiğit},
title = {Short-term and long-term relationships between gold prices and precious metal (palladium, silver and platinum) and energy (crude oil and gasoline) prices},
journal = {Economic Research-Ekonomska Istraživanja},
volume = {30},
number = {1},
pages = {499-510},
year  = {2017},
publisher = {Routledge},
doi = {10.1080/1331677X.2017.1305778},

URL = { 
        https://doi.org/10.1080/1331677X.2017.1305778
    
},


eprint = { 
        https://doi.org/10.1080/1331677X.2017.1305778
    
}
}

@misc{Forex,
howpublished = {\url{
        https://en.wikipedia.org/wiki/Foreign_exchange_market}
}}

@misc{HistData,
howpublished = {\url{
        http://www.histdata.com}
}}

@misc{OilPrice,
howpublished = {\url{
        https://oilprice.com/Energy/Energy-General/The-Energy-Model-That-Can-Predict-Gold-Prices.html}
}}


@misc{TrendCalculus,
  %author = {Andrew Morgan},
  title = {TrendCalculus}, 
  publisher = {GitHub}, 
  journal = {GitHub repository},
  howpublished = {\url{ttps://github.com/lamastex/spark-trend-calculus-examples}},
  }
@misc{Pathogen,
  %author = {Antoine Amend},
  title = {Pathogen},
  publisher = {GitHub},
  journal = {GitHub repository},
  howpublished = {\url{tps://github.com/lamastex/pathogen-examples}},

}

@misc{FX1,
  title = {FX 1-Minute Dataset},
  year = {2020},
  publisher = {GitHub},
  journal = {GitHub repository},
  howpublished = {\url{https://github.com/philipperemy/FX-1-Minute-Data}},

}
@misc{TrendCalculusNotebooks,
 howpublished = {\url{https://github.com/lamastex/spark-trend-calculus-examples}}
}  
@misc{PathogenNotebooks,
 howpublished = {\url{https://github.com/lamastex/pathogen-examples}}
}